@Book{crash_mech,
  author = 	 {Huang, Matthew},
  title = 	 	 {Vehicle Crash Mechanics},
  publisher = 	 {CRC Press},
  year = 	     {2002},
}

@Book{Ob,
  author = 	 {Donald L. Bartel and Dwight T. Davy and Tony M. Keaveny},
  title = 	 {Orthopaedic Biomechanics: Mechanics and Design in Musculoskeletal systems},
  publisher = 	 {Pearson},
  year = 	 {2006},
}

@book{e_mod,
  title={The physical measurement of bone},
  author={Langton, Christian M and Njeh, Christopher F},
  year={2010},
  publisher={CRC Press}
} blz153

@article{kannus1999comparison,
  title={Comparison of force attenuation properties of four different hip protectors under simulated falling conditions in the elderly: an in vitro biomechanical study},
  author={Kannus, P and Parkkari, J and Poutala, J},
  journal={Bone},
  volume={25},
  number={2},
  pages={229--235},
  year={1999},
  publisher={Elsevier}
}

@inproceedings{snedeker2005assessing,
  title={Assessing femur and pelvis injury risk in car--pedestrian collisions: comparison of full body PMTO impacts, and a human body finite element model},
  author={Snedeker, Jess G and Walz, Felix H and Muser, Markus H and Lanz, Christian and Schroeder, G{\"u}nter},
  booktitle={19th International Technical Conference on the Enhanced Safety of Vehicles (ESV)},
  pages={05--103},
  year={2005}
}

@book{puttock1969elastic,
  title={Elastic compression of spheres and cylinders at point and line contact},
  author={Puttock, MJ and Thwaite, EG},
  year={1969},
  publisher={Commonwealth Scientific and Industrial Research Organization Melbourne, VIC, Australia}
}

@inproceedings{huiskes1977geometrical,
  title={Geometrical and mechanical properties of the human femur},
  author={Huiskes, R and Slooff, TJJH},
  booktitle={VI International Congress of Biomechanics, Copenhagen, Denmark},
  pages={57--64},
  year={1977}
}
